@book{Pierce:TypeSystems,
  author = {Benjamin C. Pierce},
  title = {Types and Programming Languages},
  publisher = {MIT Press},
  year = 2002,
  plclub = {Yes},
  bcp = {Yes},
  keys = {books},
  homepage = {http://www.cis.upenn.edu/~bcpierce/tapl},
  errata = {http://www.cis.upenn.edu/~bcpierce/tapl/errata.txt}
}

@inproceedings{DBLP:conf/itp/Danielsson12,
  author    = {Nils Anders Danielsson},
  title     = {Bag Equivalence via a Proof-Relevant Membership Relation},
  booktitle = {ITP},
  year      = {2012},
  pages     = {149-165},
  ee        = {http://dx.doi.org/10.1007/978-3-642-32347-8_11},
  crossref  = {DBLP:conf/itp/2012},
  bibsource = {DBLP, http://dblp.uni-trier.de}
}